<?xml version="1.0" encoding="UTF-8"?><record xmlns="http://www.loc.gov/MARC21/slim" xmlns:cinclude="http://apache.org/cocoon/include/1.0" xmlns:zs="http://www.loc.gov/zing/srw/">
  <leader>00542cz  a2200145n  4500</leader>
  <controlfield tag="001">n  85328956 </controlfield>
  <controlfield tag="003">DLC</controlfield>
  <controlfield tag="005">20080612075401.0</controlfield>
  <controlfield tag="008">861110n| acannaabn          |a ana      </controlfield>
  <datafield tag="010" ind1=" " ind2=" ">
    <subfield code="a">n  85328956 </subfield>
  </datafield>
  <datafield tag="035" ind1=" " ind2=" ">
    <subfield code="a">(OCoLC)oca01760389</subfield>
  </datafield>
  <datafield tag="040" ind1=" " ind2=" ">
    <subfield code="a">DLC</subfield>
    <subfield code="b">eng</subfield>
    <subfield code="c">DLC</subfield>
    <subfield code="d">OCoLC</subfield>
  </datafield>
  <datafield tag="110" ind1="2" ind2=" ">
    <subfield code="a">Maryland State Board of Examiners in Optometry</subfield>
  </datafield>
  <datafield tag="410" ind1="1" ind2=" ">
    <subfield code="a">Maryland.</subfield>
    <subfield code="b">State Board of Examiners in Optometry</subfield>
  </datafield>
  <datafield tag="670" ind1=" " ind2=" ">
    <subfield code="a">Md. Attorney General's Office. Attorney General's review of antitrust implications ... 1985:</subfield>
    <subfield code="b">t.p. (Maryland State Board of Examiners in optometry)</subfield>
  </datafield>
</record>